<?xml version="1.0" encoding="UTF-8"?><collection xmlns="http://www.loc.gov/MARC21/slim"><record><leader>00365nam--2200121-i-4500</leader><controlfield tag="001">000016403</controlfield><controlfield tag="002">20161230</controlfield><controlfield tag="005">20161230201031</controlfield><controlfield tag="008">060222s1000------------r-----000-0-eng-d</controlfield><datafield ind1=" " ind2=" " tag="100"><subfield code="a">Brassen, Paul</subfield></datafield><datafield ind1=" " ind2=" " tag="245"><subfield code="a">Some parametres of the microwave discharge of fundamental interest for spectrochemica analysis</subfield></datafield><datafield ind1=" " ind2=" " tag="260"><subfield code="a">Amsterdam, Universiteit, 1977. 121 P</subfield></datafield><datafield ind1=" " ind2=" " tag="852"><subfield code="a">78201</subfield></datafield></record></collection>